@article{Nielsen2002,
  doi       = {10.1080/10635150290102393},
  url       = {https://doi.org/10.1080/10635150290102393},
  year      = {2002},
  month     = sep,
  publisher = {Oxford University Press ({OUP})},
  volume    = {51},
  number    = {5},
  pages     = {729--739},
  author    = {Rasmus Nielsen},
  editor    = {John Huelsenbeck},
  title     = {Mapping Mutations on Phylogenies},
  journal   = {Systematic Biology}
}
@article{Rodrigue2017,
  doi       = {10.1093/molbev/msw220},
  url       = {https://doi.org/10.1093/molbev/msw220},
  year      = {2017},
  month     = oct,
  publisher = {Oxford University Press ({OUP})},
  volume    = {34},
  number    = {1},
  pages     = {204--214},
  author    = {Nicolas Rodrigue and Nicolas Lartillot},
  title     = {Detecting Adaptation in Protein-Coding Genes Using a Bayesian Site-Heterogeneous Mutation-Selection Codon Substitution Model},
  journal   = {Molecular Biology and Evolution}
}
@article{Lartillot2012,
  doi       = {10.1093/molbev/mss239},
  url       = {https://doi.org/10.1093/molbev/mss239},
  year      = {2012},
  month     = oct,
  publisher = {Oxford University Press ({OUP})},
  volume    = {30},
  number    = {3},
  pages     = {489--502},
  author    = {Nicolas Lartillot},
  title     = {Phylogenetic Patterns of {GC}-Biased Gene Conversion in Placental Mammals and the Evolutionary Dynamics of Recombination Landscapes},
  journal   = {Molecular Biology and Evolution}
}
@article{Rodrigue2010b,
  doi       = {10.1073/pnas.0910915107},
  url       = {https://doi.org/10.1073%2Fpnas.0910915107},
  year      = 2010,
  month     = {mar},
  publisher = {Proceedings of the National Academy of Sciences},
  volume    = {107},
  number    = {10},
  pages     = {4629--4634},
  author    = {Nicolas Rodrigue and Herv{\'{e}} Philippe and Nicolas Lartillot},
  title     = {Mutation-selection models of coding sequence evolution with site-heterogeneous amino acid fitness profiles},
  journal   = {Proceedings of the National Academy of Sciences}
}
@article{Zoonomia2020,
  doi       = {10.1038/s41586-020-2876-6},
  url       = {https://doi.org/10.1038%2Fs41586-020-2876-6},
  year      = 2020,
  month     = {nov},
  publisher = {Springer Science and Business Media {LLC}},
  volume    = {587},
  number    = {7833},
  pages     = {240--245},
  author    = {Zoonomia Consortium},
  title     = {A comparative genomics multitool for scientific discovery and conservation},
  journal   = {Nature}
}
@article{Slodkowicz2020,
  doi       = {10.1073/pnas.1916786117},
  url       = {https://doi.org/10.1073%2Fpnas.1916786117},
  year      = 2020,
  month     = {mar},
  publisher = {Proceedings of the National Academy of Sciences},
  volume    = {117},
  number    = {11},
  pages     = {5977--5986},
  author    = {Greg Slodkowicz and Nick Goldman},
  title     = {Integrated structural and evolutionary analysis reveals common mechanisms underlying adaptive evolution in mammals},
  journal   = {Proceedings of the National Academy of Sciences}
}
@article{Davydov2019,
  doi       = {10.1093/molbev/msz048},
  url       = {https://doi.org/10.1093%2Fmolbev%2Fmsz048},
  year      = 2019,
  month     = {mar},
  publisher = {Oxford University Press ({OUP})},
  volume    = {36},
  number    = {6},
  pages     = {1316--1332},
  author    = {Iakov I Davydov and Nicolas Salamin and Marc Robinson-Rechavi},
  editor    = {Tal Pupko},
  title     = {Large-Scale Comparative Analysis of Codon Models Accounting for Protein and Nucleotide Selection},
  journal   = {Molecular Biology and Evolution}
}
@article{Murrell2015,
  doi       = {10.1093/molbev/msv035},
  url       = {https://doi.org/10.1093%2Fmolbev%2Fmsv035},
  year      = 2015,
  month     = {feb},
  publisher = {Oxford University Press ({OUP})},
  volume    = {32},
  number    = {5},
  pages     = {1365--1371},
  author    = {Ben Murrell and Steven Weaver and Martin D. Smith and Joel O. Wertheim and Sasha Murrell and Anthony Aylward and Kemal Eren and Tristan Pollner and Darren P. Martin and Davey M. Smith and Konrad Scheffler and Sergei L. Kosakovsky Pond},
  title     = {Gene-Wide Identification of Episodic Selection},
  journal   = {Molecular Biology and Evolution}
}
@article{Simmonds2013,
  doi       = {10.1186/1471-2164-14-610},
  url       = {https://doi.org/10.1186/1471-2164-14-610},
  year      = {2013},
  publisher = {Springer Science and Business Media {LLC}},
  volume    = {14},
  number    = {1},
  pages     = {610},
  author    = {Peter Simmonds and Wenjun Xia and J Baillie and Ken McKinnon},
  title     = {Modelling mutational and selection pressures on dinucleotides in eukaryotic phyla {\textendash}selection against {CpG} and {UpA} in cytoplasmically expressed {RNA} and in {RNA} viruses},
  journal   = {{BMC} Genomics}
}
@article{Duret2000,
  doi       = {10.1093/oxfordjournals.molbev.a026261},
  url       = {https://doi.org/10.1093/oxfordjournals.molbev.a026261},
  year      = {2000},
  month     = nov,
  publisher = {Oxford University Press ({OUP})},
  volume    = {17},
  number    = {11},
  pages     = {1620--1625},
  author    = {Laurent Duret and Nicolas Galtier},
  title     = {{The Covariation Between {TpA} Deficiency,  {CpG} Deficiency,  and G+C Content of Human Isochores Is Due to a Mathematical Artifact}},
  journal   = {Molecular Biology and Evolution}
}
@article{LyTrong2022,
  doi       = {10.1093/molbev/msac092},
  url       = {https://doi.org/10.1093%2Fmolbev%2Fmsac092},
  year      = 2022,
  month     = {may},
  publisher = {Oxford University Press ({OUP})},
  volume    = {39},
  number    = {5},
  author    = {Nhan Ly-Trong and Suha Naser-Khdour and Robert Lanfear and Bui Quang Minh},
  editor    = {Keith Crandall},
  title     = {{AliSim}: A Fast and Versatile Phylogenetic Sequence Simulator for the Genomic Era},
  journal   = {Molecular Biology and Evolution}
}
@article{Lartillot2013,
  doi       = {10.1093/sysbio/syt022},
  url       = {https://doi.org/10.1093/sysbio/syt022},
  year      = {2013},
  month     = apr,
  publisher = {Oxford University Press ({OUP})},
  volume    = {62},
  number    = {4},
  pages     = {611--615},
  author    = {Nicolas Lartillot and Nicolas Rodrigue and Daniel Stubbs and Jacques Richer},
  title     = {{PhyloBayes} {MPI}: Phylogenetic Reconstruction with Infinite Mixtures of Profiles in a Parallel Environment},
  journal   = {Systematic Biology}
}
@article{Yang2000,
  doi       = {10.1093/genetics/155.1.431},
  url       = {https://doi.org/10.1093/genetics/155.1.431},
  year      = {2000},
  month     = may,
  publisher = {Oxford University Press ({OUP})},
  volume    = {155},
  number    = {1},
  pages     = {431--449},
  author    = {Ziheng Yang and Rasmus Nielsen and Nick Goldman and Anne-Mette Krabbe Pedersen},
  title     = {Codon-Substitution Models for Heterogeneous Selection Pressure at Amino Acid Sites},
  journal   = {Genetics}
}
@article{Burge1992,
  doi       = {10.1073/pnas.89.4.1358},
  url       = {https://doi.org/10.1073/pnas.89.4.1358},
  year      = {1992},
  month     = feb,
  publisher = {Proceedings of the National Academy of Sciences},
  volume    = {89},
  number    = {4},
  pages     = {1358--1362},
  author    = {C Burge and A M Campbell and S Karlin},
  title     = {Over- and under-representation of short oligonucleotides in {DNA} sequences.},
  journal   = {Proceedings of the National Academy of Sciences}
}
@article{Bird1980,
  doi       = {10.1093/nar/8.7.1499},
  url       = {https://doi.org/10.1093/nar/8.7.1499},
  year      = {1980},
  publisher = {Oxford University Press ({OUP})},
  volume    = {8},
  number    = {7},
  pages     = {1499--1504},
  author    = {Adrian P. Bird},
  title     = {{DNA} methylation and the frequency of {CpG} in animal {DNA}},
  journal   = {Nucleic Acids Research}
}
@article{Brown2014,
  doi       = {10.1093/sysbio/syu002},
  url       = {https://doi.org/10.1093%2Fsysbio%2Fsyu002},
  year      = 2014,
  month     = {feb},
  publisher = {Oxford University Press ({OUP})},
  volume    = {63},
  number    = {3},
  pages     = {334--348},
  author    = {Jeremy M. Brown},
  title     = {Detection of Implausible Phylogenetic Inferences Using Posterior Predictive Assessment of Model Fit},
  journal   = {Systematic Biology}
}
@article{Huelsenbeck2001,
  doi       = {10.1126/science.1065889},
  url       = {https://doi.org/10.1126%2Fscience.1065889},
  year      = 2001,
  month     = {dec},
  publisher = {American Association for the Advancement of Science ({AAAS})},
  volume    = {294},
  number    = {5550},
  pages     = {2310--2314},
  author    = {John P. Huelsenbeck and Fredrik Ronquist and Rasmus Nielsen and Jonathan P. Bollback},
  title     = {Bayesian Inference of Phylogeny and Its Impact on Evolutionary Biology},
  journal   = {Science}
}
@article{Brown2018,
  doi       = {10.1146/annurev-ecolsys-110617-062249},
  url       = {https://doi.org/10.1146%2Fannurev-ecolsys-110617-062249},
  year      = 2018,
  month     = {nov},
  publisher = {Annual Reviews},
  volume    = {49},
  number    = {1},
  pages     = {95--114},
  author    = {Jeremy M. Brown and Robert C. Thomson},
  title     = {Evaluating Model Performance in Evolutionary Biology},
  journal   = {Annual Review of Ecology, Evolution, and Systematics}
}
@article{Gelman1996,
  issn      = {10170405, 19968507},
  author    = {Andrew Gelman and Xiao-Li Meng and Hal Stern},
  journal   = {Statistica Sinica},
  number    = {4},
  pages     = {733--760},
  publisher = {Institute of Statistical Science, Academia Sinica},
  title     = {POSTERIOR PREDICTIVE ASSESSMENT OF MODEL FITNESS VIA REALIZED DISCREPANCIES},
  volume    = {6},
  year      = {1996}
}
@inbook{Bollback2005,
  author    = {Bollback, Jonathan P.},
  title     = {Posterior Mapping and Posterior Predictive Distributions},
  booktitle = {Statistical Methods in Molecular Evolution},
  year      = {2005},
  publisher = {Springer New York},
  address   = {New York, NY},
  pages     = {439--462},
  isbn      = {978-0-387-27733-2},
  doi       = {10.1007/0-387-27733-1_16},
  url       = {https://doi.org/10.1007/0-387-27733-1_16}
}
@article{LaurinLemay2018b,
  doi       = {10.1093/molbev/msy173},
  url       = {https://doi.org/10.1093/molbev/msy173},
  year      = {2018},
  month     = sep,
  publisher = {Oxford University Press ({OUP})},
  volume    = {35},
  number    = {11},
  pages     = {2819--2834},
  author    = {Simon Laurin-Lemay and Nicolas Rodrigue and Nicolas Lartillot and Herv{\'{e}} Philippe},
  editor    = {Rasmus Nielsen},
  title     = {Conditional Approximate Bayesian Computation: A New Approach for Across-Site Dependency in High-Dimensional Mutation{\textendash}Selection Models},
  journal   = {Molecular Biology and Evolution}
}
@article{Meyer2019,
  doi       = {10.1073/pnas.1813836116},
  url       = {https://doi.org/10.1073%2Fpnas.1813836116},
  year      = 2019,
  month     = {feb},
  publisher = {Proceedings of the National Academy of Sciences},
  volume    = {116},
  number    = {11},
  pages     = {5027--5036},
  author    = {Xavier Meyer and Linda Dib and Daniele Silvestro and Nicolas Salamin},
  title     = {Simultaneous Bayesian inference of phylogeny and molecular coevolution},
  journal   = {Proceedings of the National Academy of Sciences}
}
@article{Rodrigue2005,
  doi       = {10.1016/j.gene.2004.12.011},
  url       = {https://doi.org/10.1016/j.gene.2004.12.011},
  year      = {2005},
  month     = mar,
  publisher = {Elsevier {BV}},
  volume    = {347},
  number    = {2},
  pages     = {207--217},
  author    = {Nicolas Rodrigue and Nicolas Lartillot and David Bryant and Herv{\'{e}} Philippe},
  title     = {Site interdependence attributed to tertiary structure in amino acid sequence evolution},
  journal   = {Gene}
}
@article{Robinson2003,
  doi       = {10.1093/molbev/msg184},
  url       = {https://doi.org/10.1093/molbev/msg184},
  year      = {2003},
  month     = jun,
  publisher = {Oxford University Press ({OUP})},
  volume    = {20},
  number    = {10},
  pages     = {1692--1704},
  author    = {Robinson, Douglas M. and Jones, David T. and Kishino, Hirohisa and Goldman, Nick and Thorne, Jeffrey L.},
  title     = {Protein Evolution with Dependence Among Codons Due to Tertiary Structure},
  journal   = {Molecular Biology and Evolution}
}
@article{Felsenstein1981,
  doi       = {10.1007/bf01734359},
  url       = {https://doi.org/10.1007/bf01734359},
  year      = {1981},
  month     = nov,
  publisher = {Springer Science and Business Media {LLC}},
  volume    = {17},
  number    = {6},
  pages     = {368--376},
  author    = {Joseph Felsenstein},
  title     = {Evolutionary trees from {DNA} sequences: A maximum likelihood approach},
  journal   = {Journal of Molecular Evolution}
}
@article{Dunn2019,
  doi       = {10.1186/s12862-018-1326-7},
  url       = {https://doi.org/10.1186/s12862-018-1326-7},
  year      = {2019},
  month     = jan,
  publisher = {Springer Science and Business Media {LLC}},
  volume    = {19},
  number    = {1},
  author    = {Katherine A. Dunn and Toby Kenney and Hong Gu and Joseph P. Bielawski},
  title     = {Improved inference of site-specific positive selection under a generalized parametric codon model when there are multinucleotide mutations and multiple nonsynonymous rates},
  journal   = {{BMC} Evolutionary Biology}
}
@article{LaurinLemay2022,
  doi       = {10.1007/s00239-022-10058-0},
  url       = {https://doi.org/10.1007%2Fs00239-022-10058-0},
  year      = 2022,
  month     = {jun},
  publisher = {Springer Science and Business Media {LLC}},
  volume    = {90},
  number    = {3-4},
  pages     = {239--243},
  author    = {Simon Laurin-Lemay and Kassandra Dickson and Nicolas Rodrigue},
  title     = {Jump-Chain Simulation of Markov Substitution Processes Over Phylogenies},
  journal   = {Journal of Molecular Evolution}
}
@article{LaurinLemay2018a,
  doi       = {10.1093/molbev/msy047},
  url       = {https://doi.org/10.1093/molbev/msy047},
  year      = {2018},
  month     = mar,
  publisher = {Oxford University Press ({OUP})},
  volume    = {35},
  number    = {6},
  pages     = {1463--1472},
  author    = {Simon Laurin-Lemay and Herv{\'{e}} Philippe and Nicolas Rodrigue},
  editor    = {Tal Pupko},
  title     = {Multiple Factors Confounding Phylogenetic Detection of Selection on Codon Usage},
  journal   = {Molecular Biology and Evolution}
}
@article{Latrille2021a,
  doi       = {10.1016/j.tpb.2021.09.005},
  url       = {https://doi.org/10.1016/j.tpb.2021.09.005},
  year      = {2021},
  month     = sep,
  publisher = {Elsevier {BV}},
  author    = {T. Latrille and N. Lartillot},
  title     = {Quantifying the impact of changes in effective population size and expression level on the rate of coding sequence evolution},
  journal   = {Theoretical Population Biology}
}
@article{Rodrigue2020,
  doi       = {10.1093/molbev/msaa265},
  url       = {https://doi.org/10.1093/molbev/msaa265},
  year      = {2020},
  month     = oct,
  publisher = {Oxford University Press ({OUP})},
  volume    = {38},
  number    = {3},
  pages     = {1199--1208},
  author    = {Nicolas Rodrigue and Thibault Latrille and Nicolas Lartillot},
  editor    = {Tal Pupko},
  title     = {A Bayesian Mutation{\textendash}Selection Framework for Detecting Site-Specific Adaptive Evolution in Protein-Coding Genes},
  journal   = {Molecular Biology and Evolution}
}
@book{Efron1993,
  author    = {Efron, Bradley and Tibshirani, Robert J},
  title     = {{An introduction to the bootstrap}},
  publisher = {Chapman and Hall},
  address   = {London},
  series    = {Chapman \& Hall/CRC monographs on statistics and applied
               probability},
  year      = {1993},
  url       = {https://cds.cern.ch/record/526679}
}
@article{Efron1979,
  author    = {B. Efron},
  title     = {{Bootstrap Methods: Another Look at the Jackknife}},
  volume    = {7},
  journal   = {The Annals of Statistics},
  number    = {1},
  publisher = {Institute of Mathematical Statistics},
  pages     = {1 -- 26},
  keywords  = {bootstrap, discriminant analysis, error rate estimation, jackknife, Nonlinear regression, nonparametric variance estimation, Resampling, subsample values},
  year      = {1979},
  doi       = {10.1214/aos/1176344552},
  url       = {https://doi.org/10.1214/aos/1176344552}
}
@article{Rodrigue2014,
  title     = {Site-heterogeneous mutation-selection models within the PhyloBayes-MPI package},
  volume    = {30},
  issn      = {1367-4803},
  url       = {http://dx.doi.org/10.1093/bioinformatics/btt729},
  doi       = {10.1093/bioinformatics/btt729},
  number    = {7},
  journal   = {Bioinformatics},
  publisher = {Oxford University Press (OUP)},
  author    = {Rodrigue,  Nicolas and Lartillot,  Nicolas},
  year      = {2014},
  pages     = {1020–1021}
}
@article{Kosiol2008,
  doi       = {10.1371/journal.pgen.1000144},
  url       = {https://doi.org/10.1371/journal.pgen.1000144},
  year      = {2008},
  month     = aug,
  publisher = {Public Library of Science ({PLoS})},
  volume    = {4},
  number    = {8},
  pages     = {e1000144},
  author    = {Carolin Kosiol and Tom{\'{a}}{\v{s}} Vina{\v{r}} and Rute R. da Fonseca and Melissa J. Hubisz and Carlos D. Bustamante and Rasmus Nielsen and Adam Siepel},
  editor    = {Mikkel H. Schierup},
  title     = {Patterns of Positive Selection in Six Mammalian Genomes},
  journal   = {{PLoS} Genetics}
}
@article{Rodrigue2008,
  doi       = {10.1534/genetics.108.092254},
  url       = {https://doi.org/10.1534/genetics.108.092254},
  year      = {2008},
  month     = nov,
  publisher = {Oxford University Press ({OUP})},
  volume    = {180},
  number    = {3},
  pages     = {1579--1591},
  author    = {Nicolas Rodrigue and Nicolas Lartillot and Hervé Philippe},
  title     = {Bayesian Comparisons of Codon Substitution Models},
  journal   = {Genetics}
}
@article{Rodrigue2009,
  doi       = {10.1093/molbev/msp078},
  url       = {https://doi.org/10.1093/molbev/msp078},
  year      = {2009},
  month     = apr,
  publisher = {Oxford University Press ({OUP})},
  volume    = {26},
  number    = {7},
  pages     = {1663--1676},
  author    = {N. Rodrigue and C. L. Kleinman and H. Philippe and N. Lartillot},
  title     = {Computational Methods for Evaluating Phylogenetic Models of Coding Sequence Evolution with Dependence between Codons},
  journal   = {Molecular Biology and Evolution}
}
